<?xml version="1.0" encoding="UTF-8"?><record xmlns="http://www.loc.gov/MARC21/slim" xmlns:cinclude="http://apache.org/cocoon/include/1.0" xmlns:zs="http://www.loc.gov/zing/srw/">
  <leader>00400nz  a2200133n  4500</leader>
  <controlfield tag="001">nr2005015293</controlfield>
  <controlfield tag="003">DLC</controlfield>
  <controlfield tag="005">20050811033107.0</controlfield>
  <controlfield tag="008">050630n| acannaabn          |a ana     c</controlfield>
  <datafield tag="010" ind1=" " ind2=" ">
    <subfield code="a">nr2005015293</subfield>
  </datafield>
  <datafield tag="040" ind1=" " ind2=" ">
    <subfield code="a">NNMM</subfield>
    <subfield code="b">eng</subfield>
    <subfield code="c">NNMM</subfield>
  </datafield>
  <datafield tag="110" ind1="2" ind2=" ">
    <subfield code="a">Contemporary African Art Collection</subfield>
  </datafield>
  <datafield tag="410" ind1="2" ind2=" ">
    <subfield code="a">CAAC</subfield>
  </datafield>
  <datafield tag="670" ind1=" " ind2=" ">
    <subfield code="a">African art now, c2005:</subfield>
    <subfield code="b">verso t.p. (Contemporary African Art Collection; CAAC; owner, Jean Pigozzi)</subfield>
  </datafield>
</record>